@book{boothby86,
    author    = "Boothby, William M.",
    title     = "An introduction to differentiable manifolds and riemannian geometry",
    publisher = "Academic Press",
    volume    = "120",
    series    = "Pure and applied mathematics",
    edition   = "Second",
    year      = "1986",
}

@book{brocker77,
    author    = "Bröcker, Theodor and Jänich, Klaus",
    translator= "Vázquez, Juan",
    title     = "Introducción a la topología diferencial",
    publisher = "AC",
    edition   = "First",
    year      = "1977",
}
