@book{boothby86,
    author    = "Boothby, William M.",
    title     = "An introduction to differentiable manifolds and riemannian geometry",
    publisher = "Academic Press",
    volume    = "120",
    series    = "Pure and applied mathematics",
    edition   = "Second",
    year      = "1986"
}

@book{brocker77,
    author    = "Bröcker, Theodor and Jänich, Klaus",
    translator= "Vázquez, Juan",
    title     = "Introducción a la topología diferencial",
    publisher = "AC",
    edition   = "First",
    year      = "1977"
}

@book{sanders10,
    author    = "Sanders, Jason and Kandrot, Edward",
    title     = "CUDA by example: an introduction to general-purpose GPU programming",
    publisher = "Addison-Wesley",
    edition   = "First",
    year      = "2010"
}

@book{romero86,
    author    = "Romero Sarabia, Alfonso",
    title     = "Álgebra lineal y geomería",
    publisher = "La Madraza",
    edition   = "Second",
    year      = "1986"
}

@book{oneill83,
    author    = "O'Neill, Barrett",
    title     = "Semi-Riemannian Geometry",
    subtitle  = "With applications to Relativity",
    publisher = "Academic Press",
    series    = "Pure and applied Mathematics",
    edition   = "First",
    editor    = "Eilenberg, Samuel and Bass, Hyman",
    year      = "1983"
}

@thesis{roldan13,
    author    = "Fernández Roldán, José Ángel",
    title     = "Formas diferenciales con aplicaciones a la física",
    school    = "Universidad de Salamanca",
    year      = "2013",
    month     = "June"
}

@article{thorne15,
  author      = "Oliver James and Eugénie von Tunzelmann and Paul Franklin and Kip S Thorne",
  title       = "Gravitational lensing by spinning black holes in astrophysics, and in the movie Interstellar",
  journal     = "Classical and Quantum Gravity",
  volume      = "32",
  number      = "6",
  pages       = "065001",
  url         = "http://stacks.iop.org/0264-9381/32/i=6/a=065001",
  year        = "2015"
}
