% This file was created with JabRef 2.6.
% Encoding: Cp1252

@article{mcgehee1981double,
  title={Double collisions for a classical particle system with nongravitational interactions},
  author={McGehee, Richard},
  journal={Commentarii Mathematici Helvetici},
  volume={56},
  number={1},
  pages={524--557},
  year={1981},
  publisher={Springer}
}

@article{belbruno2011dynamical,
  title={A dynamical system's approach to {Schwarzschild} null geodesics},
  author={Belbruno, Edward and Pretorius, Frans},
  journal={Classical and Quantum Gravity},
  volume={28},
  number={19},
  pages={195007},
  year={2011},
  publisher={IOP Publishing}
}

@article{stoica1997schwarzschild,
  title={The {Schwarzschild} problem in astrophysics},
  author={Stoica, Cristina and Mioc, Vasile},
  journal={Astrophysics and Space Science},
  volume={249},
  number={1},
  pages={161--173},
  year={1997},
  publisher={Springer}
}


@book{schwarzschild1916gravitationsfeld,
  title={{\"U}ber das {Gravitationsfeld} einer {Kugel} aus inkompressibler {Fl{\"u}ssigkeit} nach der {Einsteinschen} {Theorie}},
  author={Schwarzschild, Karl},
  year={1916},
  publisher={Reimer}
}

@article{reissner1916eigengravitation,
  title={{\"U}ber die Eigengravitation des elektrischen {Feldes} nach der {Einsteinschen} {Theorie}},
  author={Reissner, Hans},
  journal={Annalen der Physik},
  volume={355},
  number={9},
  pages={106--120},
  year={1916},
  publisher={Wiley Online Library}
}

@article{nordstrom1918energy,
  title={On the Energy of the {Gravitation} field in {Einstein's} {Theory}},
  author={Nordstr{\"o}m, Gunnar},
  journal={Koninklijke Nederlandse Akademie van Weteschappen Proceedings Series B Physical Sciences},
  volume={20},
  pages={1238--1245},
  year={1918}
}

@article{kerr1965new,
  title={A new class of vacuum solutions of the {Einstein} field equations},
  author={Kerr, Roy P and Schild, Alfred},
  journal={Atti del Congregno Sulla Relativita Generale: Galileo Centenario},
  year={1965}
}

@ARTICLE{1924Natur.113..192E,
   author = {{Eddington}, A.~S.},
    title = {A Comparison of {Whitehead's} and {Einstein}'s Formulae},
  journal = {nat},
     year = 1924,
    month = feb,
   volume = 113,
    pages = {192},
      doi = {10.1038/113192a0},
   adsurl = {http://adsabs.harvard.edu/abs/1924Natur.113..192E},
  adsnote = {Provided by the SAO/NASA Astrophysics Data System}
}

@article{finkelstein1958past,
  title={Past-future asymmetry of the gravitational field of a point particle},
  author={Finkelstein, David},
  journal={Physical Review},
  volume={110},
  number={4},
  pages={965},
  year={1958},
  publisher={APS}
}

@article{birkhoff1923relativity,
  title={Relativity and modern physics},
  author={Birkhoff, Georg David},
  journal={Cambridge, Mass},
  year={1923}
}


@article{marck1996short,
  title={Short-cut method of solution of geodesic equations for {Schwarzchild} black hole},
  author={Marck, Jean-Alain},
  journal={Classical and Quantum Gravity},
  volume={13},
  number={3},
  pages={393},
  year={1996},
  publisher={IOP Publishing}
}

@book{hawking1973large,
  title={The large scale structure of space-time},
  author={Hawking, Stephen W},
  volume={1},
  year={1973},
  publisher={Cambridge university press}
}

@book{o1995geometry,
  title={The geometry of Kerr black holes},
  author={O'Neill, Barrett and Stewart, JM},
  year={1995},
  publisher={AK Peters Wellesley, MA}
}

@article{boyer2004maximal,
  title={Maximal analytic extension of the Kerr metric},
  author={Boyer, Robert H and Lindquist, Richard W},
  journal={Journal of mathematical physics},
  volume={8},
  number={2},
  pages={265--281},
  year={2004},
  publisher={AIP Publishing}
}

@article{carter1968global,
  title={Global structure of the Kerr family of gravitational fields},
  author={Carter, Brandon},
  journal={Physical Review},
  volume={174},
  number={5},
  pages={1559},
  year={1968},
  publisher={APS}
}

@article{carter1987separability,
  title={Separability of the Killing--Maxwell system underlying the generalized angular momentum constant in the Kerr--Newman black hole metrics},
  author={Carter, B},
  journal={Journal of mathematical physics},
  volume={28},
  number={7},
  pages={1535--1538},
  year={1987},
  publisher={AIP Publishing}
}

@article{faridi1986precession,
  title={Precession of angular momentum vector in a slowly rotating Kerr metric},
  author={Faridi, Abbas M},
  journal={General relativity and gravitation},
  volume={18},
  number={3},
  pages={271--286},
  year={1986},
  publisher={Springer}
}

@article{galindo2014mcgehee,
  title={McGehee regularization of general SO (3)-invariant potentials and applications to stationary and spherically symmetric spacetimes},
  author={Galindo, Pablo and Mars, Marc},
  journal={arXiv preprint arXiv:1405.7627},
  year={2014}
}